<record><leader>00000cas a22000007a 4500</leader><controlfield tag="001">13041300</controlfield><controlfield tag="008">860121d18791902wvuwr ne      0    0eng d</controlfield><datafield ind1=" " ind2=" " tag="010"><subfield code="a">sn 86092054 </subfield></datafield><datafield ind1=" " ind2=" " tag="040"><subfield code="a">WVC</subfield><subfield code="b">eng</subfield><subfield code="c">WVC</subfield><subfield code="d">DLC</subfield><subfield code="d">OCL</subfield><subfield code="d">OCLCQ</subfield></datafield><datafield ind1=" " ind2=" " tag="042"><subfield code="a">msc</subfield></datafield><datafield ind1="0" ind2="0" tag="050"><subfield code="a">Newspaper 10185-X</subfield></datafield><datafield ind1="0" ind2=" " tag="130"><subfield code="a">Princeton journal (Princeton, W. Va. : 1879)</subfield></datafield><datafield ind1="1" ind2="4" tag="245"><subfield code="a">The Princeton journal.</subfield></datafield><datafield ind1=" " ind2=" " tag="260"><subfield code="a">Princeton, W. Va. :</subfield><subfield code="b">Henry B. Kitts</subfield></datafield><datafield ind1=" " ind2=" " tag="300"><subfield code="a">v. ;</subfield><subfield code="c">61 cm.</subfield></datafield><datafield ind1=" " ind2=" " tag="310"><subfield code="a">Weekly</subfield></datafield><datafield ind1="1" ind2=" " tag="362"><subfield code="a">Began in 1879; ceased in 1902?</subfield><subfield code="z">Cf. Gregory, W. Amer. newspapers.</subfield></datafield><datafield ind1=" " ind2=" " tag="500"><subfield code="a">"Republican." Cf. Ayer, 1902.</subfield></datafield><datafield ind1=" " ind2=" " tag="500"><subfield code="a">First editor was George W. Anderson.</subfield></datafield><datafield ind1=" " ind2=" " tag="500"><subfield code="a">Early publishers: Judge C.W. Smith; R.C. Christie.</subfield></datafield><datafield ind1=" " ind2=" " tag="500"><subfield code="a">Kitts moved the paper to Bluefield, W. Va. in 1893 and consolidated it with: Bluefield exponent (non-extant). There are no known issues of the consolidated paper and the exact title is unknown, although a Bluefield Journal is listed in the W. Va. State Gazetteer, 1895-1896.</subfield></datafield><datafield ind1=" " ind2=" " tag="500"><subfield code="a">Editor: Henry B. Kitts.</subfield></datafield><datafield ind1=" " ind2=" " tag="580"><subfield code="a">Continued by: Weekly journal (Princeton, W. Va.) (non-extant).</subfield></datafield><datafield ind1=" " ind2=" " tag="588"><subfield code="a">Description based on: Vol. 2, no. 31 (Feb. 9, 1881).</subfield></datafield><datafield ind1=" " ind2=" " tag="752"><subfield code="a">United States</subfield><subfield code="b">West Virginia</subfield><subfield code="c">Mercer</subfield><subfield code="d">Princeton.</subfield></datafield><datafield ind1="1" ind2="0" tag="780"><subfield code="t">Weekly journal (Princeton, W. Va.)</subfield></datafield><datafield ind1="1" ind2=" " tag="029"><subfield code="a">AU@</subfield><subfield code="b">000025799204</subfield></datafield></record>